<<<<<<< HEAD

@Misc{hid-sp18-401-wiki-Ambari,
       title= {Apache Ambari},
       timestamp    = {2018-02-25},
       url  = { https://www.wikiwand.com/en/Apache_Ambari},
}

@Misc{hid-sp18-401-Ambari,
       title= {Apache Ambari},
       timestamp    = {2018-02-25},
       url  = { https://ambari.apache.org/},
=======
@Misc{hid-sp18-401-wiki-Ambari,
 title= {Apache Ambari},
  timestamp    = {2018-02-18},
  url  = { https://www.wikiwand.com/en/Apache_Ambari},
}

@Misc{hid-sp18-401-Apache-Celix,
 title= {Apache Celix},
  timestamp    = {2018-02-18},
  url  = { http://celix.apache.org/},
>>>>>>> 5eb3746b275775fc972a5a4fe4eb835326cfaf8f
}


@Misc{hid-sp18-401-wiki-Impala,
       author = {Apache Software Foundation},
       title  = {Apache Impala},
       howpublished = {Web},
       timestamp = {2018-02-18},
       url = {https://www.wikiwand.com/en/Apache_Impala}
}



@Misc{hid-sp18-401-apache-Impala,
       author = {Apache Software Foundation},
       title  = {Apache Impala},
       howpublished = {Web},
       timestamp = {2018-02-18},
       url = {http://impala.apache.org/}
}

<<<<<<< HEAD
@Misc{hid-sp18-401-keras,
       title = {Keras},
       url = {https://keras.io/},
       howpublished = {Web},
       datetime = {2018-02-25}
}


@Misc{hid-sp18-401-lightgbm,
       title = {Keras},
       url = {https://github.com/Microsoft/LightGBM},
=======
@Misc{ hid-sp18-401-wiki-Sling,
  title     = { Apache Sling},
  timestamp = {2018-02-18},
  url       = { https://www.wikiwand.com/en/Apache_Sling},
}

@Misc{ hid-sp18-401-stackoverflow-Sling,
  title     = { Apache Sling},
  timestamp = {2018-02-18},
  url       = { https://stackoverflow.com/questions/17018266/what-is-the-purpose-behind-building-of-apache-sling-felix-jackrabbit-projects},
Author = {Robert Munteanu}
}


@Misc{hid-sp18-401-apache-Tez,
       author = {Apache Software Foundation},
       title  = {Apache Tez},
>>>>>>> 5eb3746b275775fc972a5a4fe4eb835326cfaf8f
       howpublished = {Web},
       datetime = {2018-02-25}
}


<<<<<<< HEAD
@Misc{hid-sp18-401-XGBoost-wiki,
       title = {XGBoost},
       howpublished = {Web},
       timestamp= {2018-02-25},
       url = {https://www.wikiwand.com/en/Xgboost}
}
=======
@Misc{hid-sp18-401-horton-Tez,
       author = {Apache Software Foundation},
       title = {Apache Tez},
       howpublished = {Web},
       timestamp = {2018-02-18}
}

>>>>>>> 5eb3746b275775fc972a5a4fe4eb835326cfaf8f

@Misc{hid-sp18-401-XGBoost-gen,
       title = {XGBoost},
       howpublished = {Web},
       Author = {Jason Brownlee},
       timestamp= {2018-02-25},
       url = {https://machinelearningmastery.com/gentle-introduction-xgboost-applied-machine-learning/}
}

@Misc{hid-sp18-401-XGBoost-git,
       title = {XGBoost},
       howpublished = {Web},
       timestamp= {2018-02-25},
       url = {https://github.com/dmlc/xgboost}
}
