@Inbook{hid-sp18-401-mnist,
  author = 	 "tensorflow",
  title =        "MNIST for ML Beginners",
  url = 	 "https://www.tensorflow.org/versions/r1.1/get_started/mnist/beginners",
}

@Inbook{hid-sp18-401-svd,
  author = 	 "wikipedia",
  title =        "Singular Value Decomposition",
  year =         "2018",
  url = 	 "https://www.wikiwand.com/en/Singular-value_decomposition",
}

@Inbook{hid-sp18-401-MNIST-image,
  author =   "Leif Johnson",
  title =        "Classifying MNIST Digits",
  year =         "2015",
  publisher = "Theanets",
  url =    "http://theanets.readthedocs.io/en/stable/examples/mnist-classifier.html",
}

@Inbook{hid-sp18-401-MNIST-single-digit-image,
  author =   "Edwin D. de Jong",
  title =        "A Handwritten Digit",
  url =    "https://edwin-de-jong.github.io/blog/mnist-sequence-data/",
}

@Inbook{hid-sp18-401-ReLU-activation-function,
  author =   "Avinash Sharma V",
  title =        "Understanding Activation functions in Neural Networks",
  year =         "2017",
  publisher = "Theory of Everything",
  url =    "https://medium.com/the-theory-of-everything/understanding-activation-functions-in-neural-networks-9491262884e0",
}

@Inbook{hid-sp18-401-sigmoid-activation-function,
  author =   "Avinash Sharma V",
  title =        "Understanding Activation functions in Neural Networks",
  year =         "2017",
  publisher = "Theory of Everything",
  url =    "https://medium.com/the-theory-of-everything/understanding-activation-functions-in-neural-networks-9491262884e0",
}

@Inbook{hid-sp18-401-MNIST-dataset,
  author =   "Yann LeCun",
  title =        "The MINST Database",
  url =    "http://yann.lecun.com/exdb/mnist/",
}

@Inbook{hid-sp18-401-Neural-Network-image,
  author =   "Abhishek Rao",
  title =        "Deep Neural Networks",
  year =         "2015",
  publisher = "Research Gate",
  url =    "https://www.researchgate.net/figure/Deep-Neural-Network-Has-multiple-hidden-layers_fig4_301597227",
}

@Inbook{hid-sp18-401-Rest-Service,
  author =   "wikipedia",
  title =        "Rest Service",
  year =         "2008",
  publisher = "Research Gate",
  url =    "https://en.wikipedia.org/wiki/Representational_state_transfer",
}

@Inbook{hid-sp18-401-Swagger-Service,
  title =        "Swagger Service",
  year =         "2018",
  publisher = "SmartBear Software",
  url =    "https://swagger.io/",
}
@Inbook{hid-sp18-401-Docker,
  title =        "Docker",
  year =         "2018",
  publisher = "Docker Inc.",
  url =    "https://www.docker.com/what-docker",
}

@Inbook{hid-sp18-401-Container,
  title =        "Container",
  year =         "2018",
  publisher = "Docker Inc.",
  url =    "https://www.docker.com/what-container",
}
