@Inbook{hid-sp18-401-XGBoost-MLmastery,
  author =   "Jason Brownlee",
  title =        "Gentle Introduction to XGBoost",
  year =         "2016",
  publisher =    "Machine Learning Mastery",
  url =    "https://machinelearningmastery.com/gentle-introduction-xgboost-applied-machine-learning/",
}

<<<<<<< HEAD
@Inbook{hid-sp18-401-XGBoost-AnalyticsVidhya,
  author =   "Aarshay Jain",
  editor =       "",
  title =        "Complete Guide to Parameter Tuning in XGBoost",
  subtitle =     "",
  series =       "",
  year =         "2016",
  volume =   "",
  address =      "",
  edition =      "",
  publisher =    "Analytics Vidhya",
  doi =    "",
  url =    "https://www.analyticsvidhya.com/blog/2016/03/complete-guide-parameter-tuning-xgboost-with-codes-python/",
  OPTchapter =   "",
  OPTpages =   "",
  OPTnumber =    "",
  OPTtype =    "",
  OPTmonth =   "",
  OPTnote =    "",
}

@Inbook{hid-sp18-401-Kaggle-Higgs-Boson,
  author =   "Kaggle",
  editor =       "",
  title =        "Higgs Boson Machine Learning Challenge",
  subtitle =     "",
  series =       "",
  year =         "2014",
  volume =   "",
  address =      "",
  edition =      "",
  publisher =    "Kaggle",
  doi =    "",
  url =    "https://www.kaggle.com/c/higgs-boson",
  OPTchapter =   "",
  OPTpages =   "",
  OPTnumber =    "",
  OPTtype =    "",
  OPTmonth =   "",
  OPTnote =    "",
}

@Inbook{hid-sp18-401-Kaggle-Porto-Seguro,
  author =   "Kaggle",
  editor =       "",
  title =        "Porto Seguro's Safe Driver Prediction Challenge",
  subtitle =     "",
  series =       "",
  year =         "2017",
  volume =   "",
  address =      "",
  edition =      "",
  publisher =    "Kaggle",
  doi =    "",
  url =    "https://www.kaggle.com/c/porto-seguro-safe-driver-prediction",
  OPTchapter =   "",
  OPTpages =   "",
  OPTnumber =    "",
  OPTtype =    "",
  OPTmonth =   "",
  OPTnote =    "",
}

@Inbook{hid-sp18-401-XGBoost-runtime-comparision-image,
  author =   "Tong He",
  editor =       "",
=======
@Inbook{hid-sp18-401-XGBoost-Github,
  author = 	 "Several Contributors",
  title =        "XGBoost Github Repository",
  year =         "2016",
  publisher =    "DMLC",
  url = 	 "https://github.com/dmlc/xgboost",
}

@Inbook{hid-sp18-401-XGBoost-pdf,
  author = 	 "Tong He",
>>>>>>> ba5e3e9c1a3f88807cb7f9d8daa88c0736d89ca8
  title =        "XGBoost Write up",
  year =         "2016",
<<<<<<< HEAD
  volume =   "",
  address =      "",
  edition =      "",
  publisher =    "",
  doi =    "",
  url =    "www.saedsayad.com/docs/xgboost.pdf",
  OPTchapter =   "",
  OPTpages =   "",
  OPTnumber =    "",
  OPTtype =    "",
  OPTmonth =   "",
  OPTnote =    "",
}

@Inbook{hid-sp18-401-XGBoost-evolution,
  author =   "Tianqi Chen",
  editor =       "",
  title =        "Story and lessons behind evolution of XGBoost",
  subtitle =     "",
  series =       "",
  year =         "2014",
  volume =   "",
  address =      "",
  edition =      "",
  publisher =    "Tianqi Chen",
  doi =    "",
  url =    "https://homes.cs.washington.edu/~tqchen/2016/03/10/story-and-lessons-behind-the-evolution-of-xgboost.html",
  OPTchapter =   "",
  OPTpages =   "",
  OPTnumber =    "",
  OPTtype =    "",
  OPTmonth =   "",
  OPTnote =    "",
}


@Inbook{hid-sp18-401-XGBoost-on-different-platforms-image,
  author =   "Tianqi Chen",
  editor =       "",
  title =        "Story and lessons behind evolution of XGBoost",
  subtitle =     "",
  series =       "",
  year =         "2014",
  volume =   "",
  address =      "",
  edition =      "",
  publisher =    "Tianqi Chen",
  doi =    "",
  url =    "https://homes.cs.washington.edu/~tqchen/2016/03/10/story-and-lessons-behind-the-evolution-of-xgboost.html",
  OPTchapter =   "",
  OPTpages =   "",
  OPTnumber =    "",
  OPTtype =    "",
  OPTmonth =   "",
  OPTnote =    "",
=======
  url = 	 "http://www.saedsayad.com/docs/xgboost.pdf",
}

@Inbook{hid-sp18-401-XGBoost-AnalyticsVidhya,
  author =   "Aarshay Jain",
  title =        "Complete Guide to Parameter Tuning in XGBoost",
  year =         "2016",
  publisher =    "Analytics Vidhya",
  url =    "https://www.analyticsvidhya.com/blog/2016/03/complete-guide-parameter-tuning-xgboost-with-codes-python/",
>>>>>>> ba5e3e9c1a3f88807cb7f9d8daa88c0736d89ca8
}
